<record><leader>03072pam a2200481 i 4500</leader><controlfield tag="001">6760167</controlfield><controlfield tag="003">OCoLC</controlfield><controlfield tag="005">20141204113031.0</controlfield><controlfield tag="008">140411s2015    nyua          001 0 eng  </controlfield><datafield ind1=" " ind2=" " tag="010"><subfield code="a">  2014013346</subfield></datafield><datafield ind1=" " ind2=" " tag="015"><subfield code="a">GBB4A4005</subfield><subfield code="2">bnb</subfield></datafield><datafield ind1="7" ind2=" " tag="016"><subfield code="a">016877068</subfield><subfield code="2">Uk</subfield></datafield><datafield ind1=" " ind2=" " tag="020"><subfield code="a">9781138022393 (hardback)</subfield></datafield><datafield ind1=" " ind2=" " tag="020"><subfield code="a">113802239X (hardback)</subfield></datafield><datafield ind1=" " ind2=" " tag="020"><subfield code="a">9781138022409 (paperback)</subfield></datafield><datafield ind1=" " ind2=" " tag="020"><subfield code="a">1138022403 (paperback)</subfield></datafield><datafield ind1=" " ind2=" " tag="020"><subfield code="z">9781315758572 (ebook)</subfield></datafield><datafield ind1=" " ind2=" " tag="035"><subfield code="a">ocn895710063</subfield></datafield><datafield ind1=" " ind2=" " tag="040"><subfield code="a">DLC</subfield><subfield code="b">eng</subfield><subfield code="e">rda</subfield><subfield code="c">DLC</subfield><subfield code="d">OCLCO</subfield><subfield code="d">OCLCF</subfield><subfield code="d">UKMGB</subfield><subfield code="d">CDX</subfield><subfield code="d">UAB</subfield></datafield><datafield ind1=" " ind2=" " tag="042"><subfield code="a">pcc</subfield></datafield><datafield ind1="0" ind2="0" tag="050"><subfield code="a">LB1140.3</subfield><subfield code="b">.M67 2015</subfield></datafield><datafield ind1="0" ind2="0" tag="082"><subfield code="a">372.21</subfield><subfield code="2">23</subfield></datafield><datafield ind1=" " ind2=" " tag="084"><subfield code="a">EDU000000</subfield><subfield code="a">EDU010000</subfield><subfield code="a">EDU048000</subfield><subfield code="2">bisacsh</subfield></datafield><datafield ind1=" " ind2=" " tag="090"><subfield code="a">LB 1140.3 M67 2015</subfield><subfield code="b">AEU</subfield></datafield><datafield ind1=" " ind2=" " tag="090"><subfield code="a">LB1140.3 .M67 2015</subfield><subfield code="b">AEGMCT</subfield></datafield><datafield ind1="1" ind2=" " tag="100"><subfield code="a">Mosley, Jenny,</subfield><subfield code="e">author.</subfield></datafield><datafield ind1="1" ind2="0" tag="245"><subfield code="a">Circle time for young children /</subfield><subfield code="c">Jenny Mosley.</subfield></datafield><datafield ind1=" " ind2=" " tag="250"><subfield code="a">Second edition.</subfield></datafield><datafield ind1=" " ind2="1" tag="264"><subfield code="a">London ;</subfield><subfield code="a">New York :</subfield><subfield code="b">Routledge, Taylor &amp; Francis Group,</subfield><subfield code="c">2015.</subfield></datafield><datafield ind1=" " ind2=" " tag="300"><subfield code="a">vii, 137 pages :</subfield><subfield code="b">illustrations ;</subfield><subfield code="c">22 cm.</subfield></datafield><datafield ind1=" " ind2=" " tag="336"><subfield code="a">text</subfield><subfield code="2">rdacontent</subfield></datafield><datafield ind1=" " ind2=" " tag="337"><subfield code="a">unmediated</subfield><subfield code="2">rdamedia</subfield></datafield><datafield ind1=" " ind2=" " tag="338"><subfield code="a">volume</subfield><subfield code="2">rdacarrier</subfield></datafield><datafield ind1="1" ind2=" " tag="490"><subfield code="a">Essential guides for early years practitioners</subfield></datafield><datafield ind1=" " ind2=" " tag="500"><subfield code="a">Includes index.</subfield></datafield><datafield ind1=" " ind2=" " tag="520"><subfield code="a">"Jenny Mosley's quality circle time model involves establishing an on-going, timetabled process of circle-meetings for adults and children. As a basis for teaching relationship skills, enhancing self-esteem and building a positive behaviour management and anti-bullying policy, circle time will not only increase confidence and "emotional intelligence" in pupils, but should also contribute towards a positive whole-school ethos.Fully updated in light of changes to the Early Years Foundation Stage, this highly practical book will explain how to put the principles for early years education into practice through well-structured and purposeful circle time lesson plans. Jenny Mosley, the UK's leading expert on circle time, provides accessible guidance on:incorporating the curriculum for personal, social and emotional development enabling children to understand universal moral skills developing young children's emotional intelligence helping children to practise problem-solving skills.Each chapter in this book explains circle time in a 'why? what? how?' format, and includes tick-sheets, bullet-pointed pages and examples showing how the theory works in practice. This is an invaluable and fun tool for developing young children's understanding of their feelings and relationships."--</subfield><subfield code="c">Provided by publisher.</subfield></datafield><datafield ind1=" " ind2=" " tag="596"><subfield code="a">29 41</subfield></datafield><datafield ind1=" " ind2="0" tag="650"><subfield code="a">Preschool teaching.</subfield></datafield><datafield ind1=" " ind2="0" tag="650"><subfield code="a">Education, Preschool</subfield><subfield code="x">Activity programs.</subfield></datafield><datafield ind1=" " ind2="0" tag="830"><subfield code="a">Nursery world/Routledge essential guides for early years practitioners.</subfield></datafield><datafield ind1=" " ind2=" " tag="949"><subfield code="a">LB 1140.3 M67 2015</subfield><subfield code="c">1</subfield><subfield code="h">UAED-B</subfield><subfield code="i">0162035203189</subfield></datafield><datafield ind1=" " ind2=" " tag="926"><subfield code="a">LB 1140.3 M67 2015</subfield><subfield code="w">LC</subfield><subfield code="c">1</subfield><subfield code="i">0162035203189</subfield><subfield code="d">4/27/2015</subfield><subfield code="e">3/24/2015</subfield><subfield code="l">FLOOR_2</subfield><subfield code="m">UAEDUC</subfield><subfield code="n">3</subfield><subfield code="p">$150.00</subfield><subfield code="r">Y</subfield><subfield code="s">Y</subfield><subfield code="t">BOOK</subfield><subfield code="u">12/18/2014</subfield></datafield><datafield ind1=" " ind2=" " tag="926"><subfield code="a">LB1140.3 .M67 2015</subfield><subfield code="w">LC</subfield><subfield code="c">1</subfield><subfield code="i">1007432477</subfield><subfield code="d">1/20/2015</subfield><subfield code="l">ON_SHELF</subfield><subfield code="m">GR_MACEWAN</subfield><subfield code="p">$38.73</subfield><subfield code="r">Y</subfield><subfield code="s">Y</subfield><subfield code="t">BOOK</subfield><subfield code="u">1/15/2015</subfield></datafield></record>